
@article{ ISI:000342897300011,
Author = {Logvinovich, Dmitry and Simonov, Arkadiy and Steurer, Walter},
Title = {{Structure of decagonal Al-Ni-Rh}},
Journal = {{ACTA CRYSTALLOGRAPHICA SECTION B-STRUCTURAL SCIENCE CRYSTAL ENGINEERING
   AND MATERIALS}},
Year = {{2014}},
Volume = {{70}},
Number = {{4}},
Pages = {{732-742}},
Month = {{AUG}},
DOI = {{10.1107/S2052520614010750}},
ISSN = {{0108-7681}},
EISSN = {{1600-5740}},
Unique-ID = {{ISI:000342897300011}},
}

@article{ ISI:000300678400010,
Author = {Deloudi, Sofia and Steurer, Walter},
Title = {{Higher-dimensional crystallography of N-fold quasiperiodic tilings}},
Journal = {{ACTA CRYSTALLOGRAPHICA SECTION A}},
Year = {{2012}},
Volume = {{68}},
Number = {{2}},
Pages = {{266-277}},
Month = {{MAR}},
DOI = {{10.1107/S0108767312001705}},
ISSN = {{0108-7673}},
ResearcherID-Numbers = {{Steurer, Walter/B-6929-2008
   Steurer, Walter/A-3278-2008}},
ORCID-Numbers = {{Steurer, Walter/0000-0003-0211-7088
   }},
Unique-ID = {{ISI:000300678400010}},
}

@article{ ISI:000243736200028,
Author = {Katrych, S. and Weber, Th. and Kobas, A. and Massueger, L. and
   Palatinus, L. and Chapuis, G. and Steurer, W.},
Title = {{New stable decagonal quasicrystal in the system Al-Ir-Os}},
Journal = {{JOURNAL OF ALLOYS AND COMPOUNDS}},
Year = {{2007}},
Volume = {{428}},
Number = {{1-2}},
Pages = {{164-172}},
Month = {{JAN 31}},
DOI = {{10.1016/j.jallcom.2006.03.064}},
ISSN = {{0925-8388}},
ResearcherID-Numbers = {{Steurer, Walter/A-3278-2008
   Steurer, Walter/B-6929-2008
   Palatinus, Lukas/E-8358-2012
   Massuger, Leon/H-8072-2014}},
ORCID-Numbers = {{Steurer, Walter/0000-0003-0211-7088
   Palatinus, Lukas/0000-0002-8987-8164
   }},
Unique-ID = {{ISI:000243736200028}},
}

@article{ ISI:000321012400025,
Author = {Chen, P. H. and Avchachov, K. and Nordlund, K. and Pussi, K.},
Title = {{Molecular dynamics simulation of radiation damage in CaCd6 quasicrystal
   cubic approximant up to 10 keV}},
Journal = {{JOURNAL OF CHEMICAL PHYSICS}},
Year = {{2013}},
Volume = {{138}},
Number = {{23}},
Month = {{JUN 21}},
DOI = {{10.1063/1.4811183}},
Article-Number = {{234505}},
ISSN = {{0021-9606}},
ResearcherID-Numbers = {{Nordlund, Kai/L-8275-2014
   Avchaciov, Konstantin/D-6381-2015}},
ORCID-Numbers = {{Nordlund, Kai/0000-0001-6244-1942
   Avchaciov, Konstantin/0000-0001-8359-3689}},
Unique-ID = {{ISI:000321012400025}},
}
